<?xml version="1.0" encoding="UTF-8" ?>
<tests>
	<test>
		<marc>
			<record xmlns="http://www.loc.gov/MARC21/slim">
				<leader>00485cz  a2200157n  4500</leader>
				<controlfield tag="001">000035003518</controlfield>
				<controlfield tag="003">AuCNLKIN</controlfield>
				<controlfield tag="005">20090105150405.0</controlfield>
				<controlfield tag="008">810308nn acnnnaabn           n aaa     d</controlfield>
				<datafield tag="035" ind1=" " ind2=" ">
					<subfield code="a">abv00008608</subfield>
				</datafield>
				<datafield tag="040" ind1=" " ind2=" ">
					<subfield code="a">ANL</subfield>
					<subfield code="b">eng</subfield>
					<subfield code="d">AUC</subfield>
				</datafield>
				<datafield tag="042" ind1=" " ind2=" ">
					<subfield code="a">kin</subfield>
					<subfield code="a">anuc</subfield>
				</datafield>
				<datafield tag="099" ind1="1" ind2=" ">
					<subfield code="a">000000003564</subfield>
				</datafield>
				<datafield tag="100" ind1="1" ind2=" ">
					<subfield code="a">Surname, Givenname</subfield>
					<subfield code="q">(tag 100 subfield q),</subfield>
					<subfield code="d">1889-1981.</subfield>
				</datafield>
				<datafield tag="400" ind1="1" ind2=" ">
					<subfield code="a">Surname, Givenname I.,</subfield>
					<subfield code="d">1889-</subfield>
				</datafield>
				<datafield tag="400" ind1="1" ind2=" ">
					<subfield code="a">Surname, G. I.,</subfield>
					<subfield code="q">(tag 400 subfield q),</subfield>
					<subfield code="d">-1981</subfield>
				</datafield>
				<datafield tag="665" ind1=" " ind2=" ">
					<subfield code="a">tag 665 subfield a</subfield>
					<subfield code="a">tag 665 subfield a2</subfield>
				</datafield>
				<datafield tag="666" ind1=" " ind2=" ">
					<subfield code="a">tag 666 subfield a</subfield>
				</datafield>
				<datafield tag="670" ind1=" " ind2=" ">
					<subfield code="a">tag 670 subfield a</subfield>
					<subfield code="b">tag 670 subfield b</subfield>
					<subfield code="u">tag 670 subfield u</subfield>
				</datafield>
				<datafield tag="675" ind1=" " ind2=" ">
					<subfield code="a">tag 675 subfield a</subfield>
				</datafield>
				<datafield tag="678" ind1=" " ind2=" ">
					<subfield code="a">tag 678 subfield a</subfield>
					<subfield code="b">tag 678 subfield b</subfield>
					<subfield code="u">tag 678 subfield u</subfield>
				</datafield>
				<datafield tag="680" ind1=" " ind2=" ">
					<subfield code="i">tag 680 subfield i</subfield>
					<subfield code="a">tag 680 subfield a</subfield>
				</datafield>
			</record>