
		</marc>
		<expected>
			<eac xmlns="http://jefferson.village.virginia.edu/eac" type="persname">
				<eacheader status="edited" detaillevel="full" typeauth="aci" typekey="au">
					<eacid ownercode="AuCNLKIN" syskey="35003518">http://nla.gov.au/anbd.aut-an35003518</eacid>
					<mainhist>
						<mainevent maintype="create">
							<maindate calendar="gregorian" normal="19810308">810308</maindate>
						</mainevent>
						<mainevent maintype="update">
							<maindate calendar="gregorian" normal="20090105T150405.0">20090105150405.0</maindate>
						</mainevent>
					</mainhist>
					<languagedecl>
						<language scriptcode="latin" languagecode="eng"/>
					</languagedecl>
					<ruledecl>
						<rule id="aacr2">Anglo-American Cataloging Rules, Second Edition.</rule>
					</ruledecl>
					<sourcedecl>
						<source ownercode="AuCNLKIN" syskey="35003518">http://nla.gov.au/anbd.aut-an35003518</source>
						<source ownercode="AuCNLKIN" syskey="abv00008608">abv00008608</source>
					</sourcedecl>
				</eacheader>
				<condesc>
					<identity>
						<pershead authorized="AuCNLKIN">
							<part type="surname">Surname</part>
							<part type="forename">Givenname</part>
							<nameadd type="extension">tag 100 subfield q</nameadd>
							<existdate calendar="gregorian" form="closedspan" scope="begin-end" normal="1889/1981">1889-1981.</existdate>
							<sourceref>
								tag 670 subfield a tag 670 subfield b
								<sourceinfo>
									<extref href="tag 670 subfield u">tag 670 subfield u</extref>
								</sourceinfo>
							</sourceref>
							<descnote>tag 675 subfield a</descnote>
						</pershead>
						<pershead>
							<part type="surname">Surname</part>
							<part type="forename">Givenname</part>
							<part type="forename">I</part>
							<existdate calendar="gregorian" form="openspan" scope="begin" normal="1889">1889-</existdate>
						</pershead>
						<pershead>
							<part type="surname">Surname</part>
							<part type="forename">G</part>
							<part type="forename">I</part>
							<nameadd type="extension">tag 400 subfield q</nameadd>
							<existdate calendar="gregorian" form="openspan" scope="end" normal="1981">-1981</existdate>
						</pershead>
					</identity>
					<desc>
						<persdesc>
							<existdesc>
								<existdate calendar="gregorian" form="closedspan" scope="begin-end" normal="1889/1981">1889-1981.</existdate>
							</existdesc>
							<descentry ea="666">
								<value>tag 666 subfield a</value>
							</descentry>
							<descentry ea="680">
								<value>tag 680 subfield i tag 680 subfield a</value>
							</descentry>
						</persdesc>
						<bioghist ea="665">
							<p>tag 665 subfield a</p>
							<p>tag 665 subfield a2</p>
						</bioghist>
						<bioghist ea="678">
							<p>tag 678 subfield a</p>
							<p>tag 678 subfield b</p>
							<didentifier href="tag 678 subfield u">tag 678 subfield u</didentifier>
						</bioghist>
					</desc>
				</condesc>
			</eac>
		</expected>
	</test>
	<test>
		<marc>
			<record xmlns="http://www.loc.gov/MARC21/slim">
				<leader>01491cz  a2200193n  4500</leader>
				<controlfield tag="001">000036326955</controlfield>
				<controlfield tag="003">AuCNLKIN</controlfield>
				<controlfield tag="005">20070214095256.0</controlfield>
				<controlfield tag="008">811109nn acnnnaabn          sa ana      </controlfield>
				<datafield tag="035" ind1=" " ind2=" ">
					<subfield code="a">abv02669243</subfield>
				</datafield>
				<datafield tag="040" ind1=" " ind2=" ">
					<subfield code="a">ANL</subfield>
					<subfield code="b">eng</subfield>
					<subfield code="d">ANL</subfield>
				</datafield>
				<datafield tag="042" ind1=" " ind2=" ">
					<subfield code="a">kin</subfield>
					<subfield code="a">anuc</subfield>
				</datafield>
				<datafield tag="099" ind1="1" ind2=" ">
					<subfield code="a">000001334087</subfield>
				</datafield>
				<datafield tag="110" ind1="2" ind2=" ">
					<subfield code="a">Royal Canberra Hospital</subfield>
				</datafield>
				<datafield tag="510" ind1="2" ind2=" ">
					<subfield code="w">annn</subfield>
					<subfield code="a">Canberra Hospital (Acton, A.C.T.)</subfield>
				</datafield>
				<datafield tag="510" ind1="2" ind2=" ">
					<subfield code="a">Canberra Hospital (Woden, A.C.T.)</subfield>
				</datafield>
				<datafield tag="665" ind1=" " ind2=" ">
					<subfield code="a">The Hospital in Acton opened as Canberra Hospital in 1914. In
						1930, the name changed to Canberra Government Hospital, and then in 1935 to
						Canberra Community Hospital. Between 1968 and 1979, it was again called
						Canberra Hospital. In 1979, it became the Royal Canberra Hospital. From
						November 1990 to August 1991, it was called Royal Canberra Hospital (North)
						before reverting to Royal Canberra Hospital. The hospital was amalgamated
						with Woden Valley Hospital in 1991 and the Acton campus closed later that
						year. Woden Valley Hospital was renamed Canberra Hospital in 1996. Works by
						this body are entered under the name used at the time of publication. For
						works about this body, assign the heading for the name used during the
						latest period covered by the work.</subfield>
				</datafield>
				<datafield tag="670" ind1=" " ind2=" ">
					<subfield code="a">Royal Canberra Hospital, 1994)</subfield>
					<subfield code="b">Appendix A (1979-1990, Royal Canberra Hospital)</subfield>
				</datafield>
				<datafield tag="680" ind1=" " ind2=" ">
					<subfield code="a">This heading is for works relating to the Royal Canberra
						Hospital at Acton, A.C.T. For works relating to the Woden campus of the
						Hospital, see under Canberra Hospital (Woden, A.C.T.).</subfield>
				</datafield>
			</record>