
		</marc>
		<expected>
			<eac xmlns="http://jefferson.village.virginia.edu/eac" type="corpname">
				<eacheader status="edited" detaillevel="full" typeauth="aci" typekey="au">
					<eacid ownercode="AuCNLKIN" syskey="36326955">http://nla.gov.au/anbd.aut-an36326955</eacid>
					<mainhist>
						<mainevent maintype="create">
							<maindate calendar="gregorian" normal="19811109">811109</maindate>
						</mainevent>
						<mainevent maintype="update">
							<maindate calendar="gregorian" normal="20070214T095256.0">20070214095256.0</maindate>
						</mainevent>
					</mainhist>
					<languagedecl>
						<language scriptcode="latin" languagecode="eng"/>
					</languagedecl>
					<ruledecl>
						<rule id="aacr2">Anglo-American Cataloging Rules, Second Edition.</rule>
					</ruledecl>
					<sourcedecl>
						<source ownercode="AuCNLKIN" syskey="36326955">http://nla.gov.au/anbd.aut-an36326955</source>
						<source ownercode="AuCNLKIN" syskey="abv02669243">abv02669243</source>
					</sourcedecl>
				</eacheader>
				<condesc>
					<identity>
						<corphead authorized="AuCNLKIN">
							<part>Royal Canberra Hospital</part>
							<sourceref>Royal Canberra Hospital, 1994) Appendix A (1979-1990, Royal Canberra Hospital)</sourceref>
						</corphead>
					</identity>
					<desc>
						<corpdesc>
							<descentry ea="680">
								<value>This heading is for works relating to the Royal Canberra
									Hospital at Acton, A.C.T. For works relating to the Woden campus
									of the Hospital, see under Canberra Hospital (Woden, A.C.T.).</value>
							</descentry>
						</corpdesc>
						<bioghist ea="665">
							<p>The Hospital in Acton opened as Canberra Hospital in 1914. In 1930,
								the name changed to Canberra Government Hospital, and then in 1935
								to Canberra Community Hospital. Between 1968 and 1979, it was again
								called Canberra Hospital. In 1979, it became the Royal Canberra
								Hospital. From November 1990 to August 1991, it was called Royal
								Canberra Hospital (North) before reverting to Royal Canberra
								Hospital. The hospital was amalgamated with Woden Valley Hospital in
								1991 and the Acton campus closed later that year. Woden Valley
								Hospital was renamed Canberra Hospital in 1996. Works by this body
								are entered under the name used at the time of publication. For
								works about this body, assign the heading for the name used during
								the latest period covered by the work.</p>
						</bioghist>
					</desc>
					<eacrels>
						<eacrel reltype="earlier">
							<corpname>Canberra Hospital (Acton, A.C.T.)</corpname>
						</eacrel>
						<eacrel reltype="associative">
							<corpname>Canberra Hospital (Woden, A.C.T.)</corpname>
						</eacrel>
					</eacrels>
				</condesc>
			</eac>
		</expected>
	</test>
	<test>
		<marc>
			<record xmlns="http://www.loc.gov/MARC21/slim">
				<leader>00900cz  a2200169o  4500</leader>
				<controlfield tag="001">000036588916</controlfield>
				<controlfield tag="003">AuCNLKIN</controlfield>
				<controlfield tag="005">20071016122055.0</controlfield>
				<controlfield tag="008">031017nn acnnnaabn           a aaa     d</controlfield>
				<datafield tag="040" ind1=" " ind2=" ">
					<subfield code="a">VSL</subfield>
					<subfield code="b">eng</subfield>
					<subfield code="c">VSL</subfield>
					<subfield code="d">TSL</subfield>
				</datafield>
				<datafield tag="042" ind1=" " ind2=" ">
					<subfield code="a">kin</subfield>
					<subfield code="a">anuc</subfield>
				</datafield>
				<datafield tag="099" ind1="1" ind2=" ">
					<subfield code="a">000001598740</subfield>
				</datafield>
				<datafield tag="110" ind1="2" ind2=" ">
					<subfield code="a">BHP Billiton Limited</subfield>
				</datafield>
				<datafield tag="510" ind1="2" ind2=" ">
					<subfield code="w">nnn</subfield>
					<subfield code="a">BHP Billiton</subfield>
				</datafield>
				<datafield tag="510" ind1="2" ind2=" ">
					<subfield code="w">ann</subfield>
					<subfield code="a">Broken Hill Proprietary Company</subfield>
				</datafield>
				<datafield tag="510" ind1="2" ind2=" ">
					<subfield code="w">ann</subfield>
					<subfield code="a">BHP Limited</subfield>
				</datafield>
				<datafield tag="665" ind1=" " ind2=" ">
					<subfield code="a">Broken Hill Proprietary Company changed its name to BHP
						Limited in 2000. BHP Billiton Limited was created through the Dual Listed
						Companies (DLC) merger of BHP Limited (now BHP Billiton Limited) and
						Billiton Plc (now BHP Billiton Plc) which was concluded on 20 June 2001. BHP
						Billiton Limited and BHP Billiton Plc continue to exist as separate
						companies but operate on a combined basis as BHP Billiton. Works by these
						bodies are found under the name used at the time of publication.</subfield>
				</datafield>
			</record>