
		</marc>
		<expected>
			<eac xmlns="http://jefferson.village.virginia.edu/eac" type="corpname">
				<eacheader status="draft" detaillevel="full" typeauth="aci" typekey="au">
					<eacid ownercode="AuCNLKIN" syskey="36588916">http://nla.gov.au/anbd.aut-an36588916</eacid>
					<mainhist>
						<mainevent maintype="create">
							<maindate calendar="gregorian" normal="20031017">031017</maindate>
						</mainevent>
						<mainevent maintype="update">
							<maindate calendar="gregorian" normal="20071016T122055.0">20071016122055.0</maindate>
						</mainevent>
					</mainhist>
					<languagedecl>
						<language scriptcode="latin" languagecode="eng"/>
					</languagedecl>
					<ruledecl>
						<rule id="aacr2">Anglo-American Cataloging Rules, Second Edition.</rule>
					</ruledecl>
					<sourcedecl>
						<source ownercode="AuCNLKIN" syskey="36588916">http://nla.gov.au/anbd.aut-an36588916</source>
					</sourcedecl>
				</eacheader>
				<condesc>
					<identity>
						<corphead authorized="AuCNLKIN">
							<part>BHP Billiton Limited</part>
						</corphead>
					</identity>
					<desc>
						<bioghist ea="665">
							<p>Broken Hill Proprietary Company changed its name to BHP Limited in
								2000. BHP Billiton Limited was created through the Dual Listed
								Companies (DLC) merger of BHP Limited (now BHP Billiton Limited) and
								Billiton Plc (now BHP Billiton Plc) which was concluded on 20 June
								2001. BHP Billiton Limited and BHP Billiton Plc continue to exist as
								separate companies but operate on a combined basis as BHP Billiton.
								Works by these bodies are found under the name used at the time of
								publication.</p>
						</bioghist>
					</desc>
					<eacrels>
						<eacrel reltype="associative">
							<corpname>BHP Billiton</corpname>
						</eacrel>
						<eacrel reltype="earlier">
							<corpname>Broken Hill Proprietary Company</corpname>
						</eacrel>
						<eacrel reltype="earlier">
							<corpname>BHP Limited</corpname>
						</eacrel>
					</eacrels>
				</condesc>
			</eac>
		</expected>
	</test>
	<test>
		<marc>
			<record xmlns="http://www.loc.gov/MARC21/slim">
				<leader>00377cz  a2200145n  4500</leader>
				<controlfield tag="001">000035002930</controlfield>
				<controlfield tag="003">AuCNLKIN</controlfield>
				<controlfield tag="005">20090421165526.0</controlfield>
				<controlfield tag="008">900124nn acnnnaabn           a aaa     d</controlfield>
				<datafield tag="035" ind1=" " ind2=" ">
					<subfield code="a">abv00007148</subfield>
				</datafield>
				<datafield tag="040" ind1=" " ind2=" ">
					<subfield code="a">ANL</subfield>
					<subfield code="b">eng</subfield>
				</datafield>
				<datafield tag="042" ind1=" " ind2=" ">
					<subfield code="a">kin</subfield>
					<subfield code="a">anuc</subfield>
				</datafield>
				<datafield tag="099" ind1="1" ind2=" ">
					<subfield code="a">000000002965</subfield>
				</datafield>
				<datafield tag="100" ind1="1" ind2=" ">
					<subfield code="a">Alexander, Charles P.</subfield>
					<subfield code="q">(Charles Paul),</subfield>
					<subfield code="d">1889-1981.</subfield>
				</datafield>
				<datafield tag="400" ind1="1" ind2=" ">
					<subfield code="a">Alexander, Charles Paul,</subfield>
					<subfield code="d">1889-</subfield>
				</datafield>
			</record>