
		</marc>
		<expected>
			<eac xmlns="http://jefferson.village.virginia.edu/eac" type="persname">
				<eacheader status="edited" detaillevel="full" typeauth="aci" typekey="au">
					<eacid ownercode="AuCNLKIN" syskey="35002930">http://nla.gov.au/anbd.aut-an35002930</eacid>
					<mainhist>
						<mainevent maintype="create">
							<maindate calendar="gregorian" normal="19900124">900124</maindate>
						</mainevent>
						<mainevent maintype="update">
							<maindate calendar="gregorian" normal="20090421T165526.0">20090421165526.0</maindate>
						</mainevent>
					</mainhist>
					<languagedecl>
						<language scriptcode="latin" languagecode="eng"/>
					</languagedecl>
					<ruledecl>
						<rule id="aacr2">Anglo-American Cataloging Rules, Second Edition.</rule>
					</ruledecl>
					<sourcedecl>
						<source ownercode="AuCNLKIN" syskey="35002930">http://nla.gov.au/anbd.aut-an35002930</source>
						<source ownercode="AuCNLKIN" syskey="abv00007148">abv00007148</source>
					</sourcedecl>
				</eacheader>
				<condesc>
					<identity>
						<pershead authorized="AuCNLKIN">
							<part type="surname">Alexander</part>
							<part type="forename">Charles</part>
							<part type="forename">P</part>
							<nameadd type="extension">Charles Paul</nameadd>
							<existdate calendar="gregorian" form="closedspan" scope="begin-end" normal="1889/1981">1889-1981.</existdate>
						</pershead>
						<pershead>
							<part type="surname">Alexander</part>
							<part type="forename">Charles</part>
							<part type="forename">Paul</part>
							<existdate calendar="gregorian" form="openspan" scope="begin" normal="1889">1889-</existdate>
						</pershead>
					</identity>
					<desc>
						<persdesc>
							<existdesc>
								<existdate calendar="gregorian" form="closedspan" scope="begin-end" normal="1889/1981">1889-1981.</existdate>
							</existdesc>
						</persdesc>
					</desc>
				</condesc>
			</eac>
		</expected>
	</test>
	<test>
		<marc>
			<record xmlns="http://www.loc.gov/MARC21/slim">
				<leader>00371cz  a2200133n  4500</leader>
				<controlfield tag="001">000035003368</controlfield>
				<controlfield tag="003">AuCNLKIN</controlfield>
				<controlfield tag="005">19980528000000.0</controlfield>
				<controlfield tag="008">980525nn acnnnaabn          un ana     d</controlfield>
				<datafield tag="035" ind1=" " ind2=" ">
					<subfield code="a">abv00008243</subfield>
				</datafield>
				<datafield tag="040" ind1=" " ind2=" ">
					<subfield code="a">ANL</subfield>
					<subfield code="b">eng</subfield>
				</datafield>
				<datafield tag="042" ind1=" " ind2=" ">
					<subfield code="a">kin</subfield>
				</datafield>
				<datafield tag="099" ind1="1" ind2=" ">
					<subfield code="a">000000003405</subfield>
				</datafield>
				<datafield tag="110" ind1="2" ind2=" ">
					<subfield code="a">Society for Promoting Christian Knowledge and for Propagating the Gospel.</subfield>
					<subfield code="b">Launceston Branch</subfield>
				</datafield>
			</record>