
		</marc>
		<expected>
			<eac xmlns="http://jefferson.village.virginia.edu/eac" type="corpname">
				<eacheader status="edited" detaillevel="full">
					<eacid ownercode="AuCNLKIN" syskey="35003368">http://nla.gov.au/anbd.aut-an35003368</eacid>
					<mainhist>
						<mainevent maintype="create">
							<maindate calendar="gregorian" normal="19980525">980525</maindate>
						</mainevent>
						<mainevent maintype="update">
							<maindate calendar="gregorian" normal="19980528T000000.0">19980528000000.0</maindate>
						</mainevent>
					</mainhist>
					<languagedecl>
						<language scriptcode="latin" languagecode="eng"/>
					</languagedecl>
					<ruledecl>
						<rule id="aacr2">Anglo-American Cataloging Rules, Second Edition.</rule>
					</ruledecl>
					<sourcedecl>
						<source ownercode="AuCNLKIN" syskey="35003368">http://nla.gov.au/anbd.aut-an35003368</source>
						<source ownercode="AuCNLKIN" syskey="abv00008243">abv00008243</source>
					</sourcedecl>
				</eacheader>
				<condesc>
					<identity>
						<corphead authorized="AuCNLKIN">
							<part>Society for Promoting Christian Knowledge and for Propagating the Gospel</part>
							<part type="subordinate">Launceston Branch</part>
						</corphead>
					</identity>
				</condesc>
			</eac>
		</expected>
	</test>
	<test>
		<marc>
			<record xmlns="http://www.loc.gov/MARC21/slim">
				<leader>00485cz  a2200157n  4500</leader>
				<controlfield tag="001">000035003518</controlfield>
				<controlfield tag="003">AuCNLKIN</controlfield>
				<controlfield tag="005">20090105150405.0</controlfield>
				<controlfield tag="008">810308nn acnnnaabn           n aaa     d</controlfield>
				<datafield tag="035" ind1=" " ind2=" ">
					<subfield code="a">abv00008608</subfield>
				</datafield>
				<datafield tag="040" ind1=" " ind2=" ">
					<subfield code="a">ANL</subfield>
					<subfield code="b">eng</subfield>
					<subfield code="d">AUC</subfield>
				</datafield>
				<datafield tag="042" ind1=" " ind2=" ">
					<subfield code="a">kin</subfield>
					<subfield code="a">anuc</subfield>
				</datafield>
				<datafield tag="099" ind1="1" ind2=" ">
					<subfield code="a">000000003564</subfield>
				</datafield>
				<datafield tag="100" ind1="1" ind2=" ">
					<subfield code="a">Allen, Margaret</subfield>
				</datafield>
				<datafield tag="670" ind1=" " ind2=" ">
					<subfield code="a">Abd buk, 1984:</subfield>
					<subfield code="b">t.p.("N" by Jean Tiati ; others by Margaret Allan)</subfield>
				</datafield>
				<datafield tag="670" ind1=" " ind2=" ">
					<subfield code="a">Sandei moning taim, 1985?:</subfield>
					<subfield code="b">t.p.(Judy Galmur en Margaret Allen bin raidim dijan stori)</subfield>
				</datafield>
			</record>
		</marc>
		<expected>
			<eac xmlns="http://jefferson.village.virginia.edu/eac" type="persname">
				<eacheader status="edited" detaillevel="full" typeauth="aci" typekey="au">
					<eacid ownercode="AuCNLKIN" syskey="35003518">http://nla.gov.au/anbd.aut-an35003518</eacid>
					<mainhist>
						<mainevent maintype="create">
							<maindate calendar="gregorian" normal="19810308">810308</maindate>
						</mainevent>
						<mainevent maintype="update">
							<maindate calendar="gregorian" normal="20090105T150405.0">20090105150405.0</maindate>
						</mainevent>
					</mainhist>
					<languagedecl>
						<language scriptcode="latin" languagecode="eng"/>
					</languagedecl>
					<ruledecl>
						<rule id="aacr2">Anglo-American Cataloging Rules, Second Edition.</rule>
					</ruledecl>
					<sourcedecl>
						<source ownercode="AuCNLKIN" syskey="35003518">http://nla.gov.au/anbd.aut-an35003518</source>
						<source ownercode="AuCNLKIN" syskey="abv00008608">abv00008608</source>
					</sourcedecl>
				</eacheader>
				<condesc>
					<identity>
						<pershead authorized="AuCNLKIN">
							<part type="surname">Allen</part>
							<part type="forename">Margaret</part>
							<sourcerefs>
								<sourceref>Abd buk, 1984: t.p.("N" by Jean Tiati ; others by Margaret Allan)</sourceref>
								<sourceref>Sandei moning taim, 1985?: t.p.(Judy Galmur en Margaret Allen bin raidim dijan stori)</sourceref>
							</sourcerefs>
						</pershead>
					</identity>
				</condesc>
			</eac>
		</expected>
	</test>
</tests>